@article{BCM,
author={B\"{o}digheimer, Carl-Friedrich and Cohen, Fred{ }R. and Milgram, R.James},
title={Truncated symmetric products and configuration spaces},
year={1993},
journal={Mathematische Zeitschrift},
volume={214},
pages={179-216}
}

@article{Knudson,
author={Knudson, Ben},
title={Betti numbers and stability for configuration spaces via factorization homology},
year={2017},
journal={Algebraic and Geometric Topology},
volume={17},
pages={3137-3187}
}

@book{Milne,
author={Milne, James S.},
title={Algebraic groups},
subtitle={The theory of group schemes of finite type over a field},
year={2017},
publisher={Cambridge University Press}
}

@article{BoT,
author={B\"{o}digheimer, Carl-Friedrich and Tillmann, Ulrike},
title={Stripping and splitting decorated mapping class groups},
journal={Progress in Mathematics, Birk\"{a}user Verlag (Basel)},
volume={196},
year={2001}
}

@book{FarbMargalit,
author={Farb, Benson and Margalit, Dan},
title={A primer on mapping class groups},
publisher={Princeton University Press},
year={2012}
}

@article{Arnold,
author={Arnold, Vladimir Igorevich},
title={On some topological invariants of algebraic functions},
journal={Trudy Moskovskogo matematicheskogo obshchestva},
volume={21},
year={1970},
pages={27â€“46}
}

@article{Weinstein,
author={Weinstein, Felix Victorovich},
title={Cohomology of the braid groups},
journal={Functional Analysis and its Applications},
volume={12:2},
year={1978},
pages={135-137},
}

@article{Fuchs:CohomBraidModtwo,
author={Fuchs, Dmitry Borisovich},
title={Cohomologies of the braid group mod 2},
journal={Functional Analysis and its Applications},
volume={4:2},
year={1970},
pages={143-151}
}



